@article{detert2007leadership,
  title={Leadership behavior and employee voice: Is the door really open?},
  author={Detert, James R and Burris, Ethan R},
  journal={Academy of management journal},
  volume={50},
  number={4},
  pages={869--884},
  year={2007},
  publisher={Academy of Management Briarcliff Manor, NY 10510}
}
@article{bickman2012improving,
  title={Improving Principal Leadership through Feedback and Coaching.},
  author={Bickman, Leonard and Goldring, Ellen and De Andrade, Ana Regina and Breda, Carolyn and Goff, Peter},
  journal={Society for Research on Educational Effectiveness},
  year={2012},
  publisher={ERIC}
}
@article{bear2017performance,
  title={Performance feedback, power retention, and the gender gap in leadership},
  author={Bear, Julia B and Cushenbery, Lily and London, Manuel and Sherman, Gary D},
  journal={The Leadership Quarterly},
  volume={28},
  number={6},
  pages={721--740},
  year={2017},
  publisher={Elsevier}
}
@article{levy2002effect,
  title={The effect of transformational and transactional leadership perceptions on feedback-seeking intentions},
  author={Levy, Paul E and Cober, Richard T and Miller, Terri},
  journal={Journal of Applied Social Psychology},
  volume={32},
  number={8},
  pages={1703--1720},
  year={2002},
  publisher={Wiley Online Library}
}
@article{smither2005relationship,
  title={The relationship between leadersâ€™ personality and their reactions to and use of multisource feedback: A longitudinal study},
  author={Smither, James W and London, Manuel and Richmond, Kristin Roukema},
  journal={Group \& Organization Management},
  volume={30},
  number={2},
  pages={181--210},
  year={2005},
  publisher={Sage Publications Sage CA: Thousand Oaks, CA}
}
@article{shriver2020response,
  title={A response to constructive criticism of social and emotional learning},
  author={Shriver, Timothy P and Weissberg, Roger P},
  journal={Phi Delta Kappan},
  volume={101},
  number={7},
  pages={52--57},
  year={2020},
  publisher={SAGE Publications Sage CA: Los Angeles, CA}
}
@article{london2002feedback,
  title={Feedback orientation, feedback culture, and the longitudinal performance management process},
  author={London, Manuel and Smither, James W},
  journal={Human resource management review},
  volume={12},
  number={1},
  pages={81--100},
  year={2002},
  publisher={Elsevier}
}
@article{morrison2011employee,
  title={Employee voice behavior: Integration and directions for future research},
  author={Morrison, Elizabeth W},
  journal={Academy of Management annals},
  volume={5},
  number={1},
  pages={373--412},
  year={2011},
  publisher={Routledge}
}
@article{reissner2013generating,
  title={Generating employee engagement in a public--private partnership: Management communication activities and employee experiences},
  author={Reissner, Stefanie and Pagan, Victoria},
  journal={The International Journal of Human Resource Management},
  volume={24},
  number={14},
  pages={2741--2759},
  year={2013},
  publisher={Taylor \& Francis}
}
@article{anitha2014determinants,
  title={Determinants of employee engagement and their impact on employee performance},
  author={Anitha, Jagannathan},
  journal={International journal of productivity and performance management},
  volume={63},
  number={3},
  pages={308--323},
  year={2014},
  publisher={Emerald Group Publishing Limited}
}
@article{sheng2021value,
  title={The value of firm engagement: How do ratings benefit from managerial responses?},
  author={Sheng, Jie and Wang, Xiaojun and Amankwah-Amoah, Joseph},
  journal={Decision Support Systems},
  volume={147},
  pages={113578},
  year={2021},
  publisher={Elsevier}
}